@online{fringeMirriamWebster,
	title = {Fringe - Mirriam-Webster},
	date = {8th April 2025},
	url = {https://www.merriam-webster.com/dictionary/fringe},
}
